@inproceedings{burlet2013robotaba,
  title={Robotaba Guitar Tablature Transcription Framework.},
  author={Burlet, Gregory and Fujinaga, Ichiro},
  booktitle={ISMIR},
  pages={517--522},
  year={2013}
}

% Optional fields: type, address, month, note
@MASTERSTHESIS{mistler2017thesis,
	author = {Mistler, Elias},
	title = {Generating Guitar Tablatures with Neural Networks},
	school = {School of Informatics, University of Edinburgh},
	year = {2017}
}

@inproceedings{balliauw2015generating,
  title={Generating Fingerings for Polyphonic Piano Music with a Tabu Search Algorithm},
  author={Balliauw, Matteo and Herremans, Dorien and Cuervo, Daniel Palhazi and S{\"o}rensen, Kenneth},
  booktitle={Mathematics and Computation in Music},
  pages={149--160},
  year={2015},
  organization={Springer}
}

@article{hori2013input,
  title={Input-output HMM applied to automatic arrangement for guitars},
  author={Hori, Gen and Kameoka, Hirokazu and Sagayama, Shigeki},
  journal={Information and Media Technologies},
  volume={8},
  number={2},
  pages={477--484},
  year={2013},
  publisher={Information and Media Technologies Editorial Board}
}